@inproceedings{cabric2004implementation,
  title={Implementation issues in spectrum sensing for cognitive radios},
  author={Cabric, Danijela and Mishra, Shridhar Mubaraq and Brodersen, Robert W},
  booktitle={Conference Record of the Thirty-Eighth Asilomar Conference on Signals, Systems and Computers},
  volume={1},
  pages={772--776},
  year={2004},
  organization={IEEE}
}

@article{mitola1999cognitive,
  title={Cognitive radio: making software radios more personal},
  author={Mitola III, Joseph and Maguire Jr, Gerald Q},
  journal={IEEE Personal Communications},
  volume={6},
  number={4},
  pages={13--18},
  year={1999},
  publisher={IEEE}
}

@article{haykin2005cognitive,
  title={Cognitive radio: brain-empowered wireless communications},
  author={Haykin, Simon},
  journal={IEEE Journal on Selected Areas in Communications},
  volume={23},
  number={2},
  pages={201--220},
  year={2005},
  publisher={IEEE}
}

@article{goldsmith2009breaking,
  title={Breaking spectrum gridlock with cognitive radios: An information theoretic perspective},
  author={Goldsmith, Andrea and Jafar, Syed Ali and Maric, Ivana and Srinivasa, Sriram},
  journal={Proceedings of the IEEE},
  volume={97},
  number={5},
  pages={894--914},
  year={2009},
  publisher={IEEE}
}

@article{oshea2017introduction,
  title={An introduction to deep learning for the physical layer},
  author={O'Shea, Timothy J and Hoydis, Jakob},
  journal={IEEE Transactions on Cognitive Communications and Networking},
  volume={3},
  number={4},
  pages={563--575},
  year={2017},
  publisher={IEEE}
}

@inproceedings{west2017deep,
  title={Deep architectures for modulation recognition},
  author={West, Nathan E and O'Shea, Timothy},
  booktitle={2017 IEEE International Symposium on Dynamic Spectrum Access Networks (DySPAN)},
  pages={1--6},
  year={2017},
  organization={IEEE}
}

@article{oshea2018over,
  title={Over-the-air deep learning based radio signal classification},
  author={O'Shea, Timothy J and Roy, Tamoghna and Clancy, T Charles},
  journal={IEEE Journal of Selected Topics in Signal Processing},
  volume={12},
  number={1},
  pages={168--179},
  year={2018},
  publisher={IEEE}
}

@inproceedings{oshea2016convolutional,
  title={Convolutional radio modulation recognition networks},
  author={O'Shea, Timothy J and Corgan, Johnathan and Clancy, T Charles},
  booktitle={International Conference on Engineering Applications of Neural Networks},
  pages={213--226},
  year={2016},
  organization={Springer}
}

@article{rajendran2018deep,
  title={Deep learning models for wireless signal classification with distributed low-cost spectrum sensors},
  author={Rajendran, Sreeraj and Meert, Wannes and Giustiniano, Domenico and Lenders, Vincent and Pollin, Sofie},
  journal={IEEE Transactions on Cognitive Communications and Networking},
  volume={4},
  number={3},
  pages={433--445},
  year={2018},
  publisher={IEEE}
}

@inproceedings{oshea2016radio,
  title={Radio machine learning dataset generation with GNU radio},
  author={O'Shea, Timothy J and West, Nathan},
  booktitle={Proceedings of the GNU Radio Conference},
  year={2016}
}

@article{blossom2004gnu,
  title={GNU radio: tools for exploring the radio frequency spectrum},
  author={Blossom, Eric},
  journal={Linux Journal},
  volume={2004},
  number={122},
  pages={4},
  year={2004},
  publisher={Belltown Media}
}

@standard{3gpp2004ts45004,
  title={3GPP TS 45.004: Radio transmission and reception (Release 15)},
  author={{3GPP}},
  year={2018},
  organization={3rd Generation Partnership Project}
}

@standard{3gpp2018ts25211,
  title={3GPP TS 25.211: Physical channels and mapping of transport channels onto physical channels (FDD) (Release 15)},
  author={{3GPP}},
  year={2018},
  organization={3rd Generation Partnership Project}
}

@standard{3gpp2018ts36211,
  title={3GPP TS 36.211: Evolved Universal Terrestrial Radio Access (E-UTRA); Physical channels and modulation (Release 15)},
  author={{3GPP}},
  year={2018},
  organization={3rd Generation Partnership Project}
}

@standard{3gpp2020ts38211,
  title={3GPP TS 38.211: NR; Physical channels and modulation (Release 16)},
  author={{3GPP}},
  year={2020},
  organization={3rd Generation Partnership Project}
}

@techreport{3gpp2019tr38901,
  title={3GPP TR 38.901: Study on channel model for frequencies from 0.5 to 100 GHz (Release 16)},
  author={{3GPP}},
  year={2019},
  institution={3rd Generation Partnership Project}
}

@article{hyvarinen2000independent,
  title={Independent component analysis: algorithms and applications},
  author={Hyv{\"a}rinen, Aapo and Oja, Erkki},
  journal={Neural networks},
  volume={13},
  number={4-5},
  pages={411--430},
  year={2000},
  publisher={Elsevier}
}

@article{lee1999learning,
  title={Learning the parts of objects by non-negative matrix factorization},
  author={Lee, Daniel D and Seung, H Sebastian},
  journal={Nature},
  volume={401},
  number={6755},
  pages={788--791},
  year={1999},
  publisher={Nature Publishing Group}
}

@inproceedings{wang2018deep,
  title={Deep learning for blind source separation},
  author={Wang, Zhuo-Xu and Yang, Jie and Nasrabadi, Nasser M},
  booktitle={2018 IEEE International Conference on Acoustics, Speech and Signal Processing (ICASSP)},
  pages={2652--2656},
  year={2018},
  organization={IEEE}
}

@article{hochreiter1997long,
  title={Long short-term memory},
  author={Hochreiter, Sepp and Schmidhuber, J{\"u}rgen},
  journal={Neural computation},
  volume={9},
  number={8},
  pages={1735--1780},
  year={1997},
  publisher={MIT Press}
}

@book{tse2005fundamentals,
  title={Fundamentals of wireless communication},
  author={Tse, David and Viswanath, Pramod},
  year={2005},
  publisher={Cambridge University Press}
}

@article{jakes1974microwave,
  title={Microwave mobile communications},
  author={Jakes, William C},
  year={1974},
  publisher={Wiley-IEEE Press}
}

@book{goldsmith2005wireless,
  title={Wireless communications},
  author={Goldsmith, Andrea},
  year={2005},
  publisher={Cambridge University Press}
}

@article{foschini1998on,
  title={On limits of wireless communications in a fading environment when using multiple antennas},
  author={Foschini, Gerard J and Gans, Michael J},
  journal={Wireless personal communications},
  volume={6},
  number={3},
  pages={311--335},
  year={1998},
  publisher={Springer}
}

@book{paulraj2003introduction,
  title={Introduction to space-time wireless communications},
  author={Paulraj, Arogyaswami and Nabar, Rohit and Gore, Dhananjay},
  year={2003},
  publisher={Cambridge University Press}
}